@misc{hao, title={Exonuclease T Positive Control Replication}, author={Hao, Cynthia V}}